<?xml version="1.0" encoding="UTF-8"?><collection><record><leader>08188ntm a2200877 a 4500</leader><controlfield tag="001">006814118</controlfield><controlfield tag="003">MiAaHDL</controlfield><controlfield tag="005">20210227000000.0</controlfield><controlfield tag="006">m        d        </controlfield><controlfield tag="007">cr bn ---auaua</controlfield><controlfield tag="008">090608s1682    xx            00| ||ota d</controlfield><datafield tag="035" ind1=" " ind2=" "><subfield code="a">(MiU)006814118</subfield></datafield><datafield tag="035" ind1=" " ind2=" "><subfield code="a">sdr-miu006814118</subfield></datafield><datafield tag="040" ind1=" " ind2=" "><subfield code="a">MiU</subfield><subfield code="c">MiU</subfield><subfield code="e">amremm</subfield></datafield><datafield tag="043" ind1=" " ind2=" "><subfield code="a">n-us-mi</subfield></datafield><datafield tag="245" ind1="0" ind2="0"><subfield code="6">880-03</subfield><subfield code="a">[Mecmua,</subfield><subfield code="f">1093, i.e. 1682].</subfield></datafield><datafield tag="246" ind1="3" ind2="8"><subfield code="a">Extraits de divers ouvrages en langue turque</subfield></datafield><datafield tag="260" ind1=" " ind2=" "><subfield code="c">[1682].</subfield></datafield><datafield tag="300" ind1=" " ind2=" "><subfield code="a">93 leaves :</subfield><subfield code="b">paper ;</subfield><subfield code="c">203 x 133 (145-147 x 77-80) mm.</subfield></datafield><datafield tag="500" ind1=" " ind2=" "><subfield code="a">Shelfmark: Ann Arbor, University of Michigan, Special Collections Research Center, Isl. Ms. 851</subfield></datafield><datafield tag="500" ind1=" " ind2=" "><subfield code="a">Origin: As appears in colophon on p.106, copied by Ömer bin Osman with transcription completed 29 Muḥarram 1093 [ca. 7 February 1682].</subfield></datafield><datafield tag="500" ind1=" " ind2=" "><subfield code="a">Accompanying materials: a. Part of a page taken from a book or catalogue (reverse carries image and caption) with description in black ink "Turkish MS | Miscellanies, stories and short poems, neatly copied in various handwritings. 8 vo., ms. in Turkish, native gilt binding, ?early 19th century" (paginated pp.1-2) -- b. Slip with description in pencil in hand of Husselman [?] "Turkish | ʻAṭāʼī (991-1044 AH) Wrote a divan &amp; a Khamsah. cf. BM Cat. Turk. MS. p.195. (cf. Gibb, Ottoman poems, p.207) ... Dichtkunst, v. 3, p.244 and Niẓāmī" and on reverse "ATTAY - Divan, or coll. of poems (Arabia - 17--?)" (paginated pp.3-4).</subfield></datafield><datafield tag="500" ind1=" " ind2=" "><subfield code="a">Binding: Pasteboards (quite thin, semi-limp) covered in dark brown leather ; Type III binding (without flap) ; pastedowns and flyleaves in European laid paper ; upper and lower covers carry central gold-tooled ornament of geometric interlace, roughly diamond shape with pendants and radiating strokes, along with tooled and gold painted border ; red and leather onlays at head and tail of spine, accented with gold-stamped bands ; title gold stamped over green leather onlay on spine "EXTRAITS DE DIVERS OUVRAGES EN LANGUE TURQUE" ; sewn in dark blue thread, two stations ; worked endbands in dark blue and cream, damaged with only traces remaining ; overall in fair condition with some abrasion, lifting of leather at spine, etc.</subfield></datafield><datafield tag="500" ind1=" " ind2=" "><subfield code="a">Support: European laid paper ; mainly with 9 laid lines per cm. (vertical), chain lines spaced 26 mm. apart (horizontal), and watermarks of Paschal lamb in four-lobed circle (see p.54, etc.) and star above arms with three bars (see p.68, 69, etc.), well-burnished, sturdy, cream in color ; some leaves tinted pink (carrying pp.113-114, 151-152, 157-158, 167-168), mint green (carrying pp.97-98, 107-108), etc.</subfield></datafield><datafield tag="500" ind1=" " ind2=" "><subfield code="a">Decoration: Keywords and excerpts rubricated ; overlining in red ; textual dividers in the form of inverted commas in red.</subfield></datafield><datafield tag="500" ind1=" " ind2=" "><subfield code="a">Script: Naskh and nastaʻlīq (talik) ; naskh an elegant Ottoman hand in a narrow line, mainly serifless though occasional irregular head-serif on lām or free-standing alif, slight effect of tilt to the left, curvilinear descenders, pointing mainly in conjoined dots or strokes, extensively vocalized ; nastaʻlīq (talik) an elegant Ottoman hand in a medium line, serifless with effect of words descending to baseline, elongation of horizontal strokes, pointing in strokes rather than distinct dots.</subfield></datafield><datafield tag="500" ind1=" " ind2=" "><subfield code="a">Layout: Written mainly in 13-15 lines per page ; frame-ruled.</subfield></datafield><datafield tag="500" ind1=" " ind2=" "><subfield code="a">Collation: i, 2 V(20), V-1 (29), II (33), 2 V(53), IV+1 (62), V (72), V+1 (83), V (93), i ; chiefly quinions ; catchwords present ; pagination in pencil, Western numerals, supplied during digitization (includes inserts and flyleaves).</subfield></datafield><datafield tag="500" ind1=" " ind2=" "><subfield code="a">Colophon: "Scribal," reads "تاريخ تمت الكتاب بعون الملك الوهاب فى تاسع وعشرين محرم الحرام فى وقت العصر على عبد الضعيف المذنب المحتاج الى رحمة الله تعالى عمر ابن عثمان سنه ثلاث وتسعين والف"</subfield></datafield><datafield tag="500" ind1=" " ind2=" "><subfield code="a">Title supplied by cataloguer.</subfield></datafield><datafield tag="500" ind1=" " ind2=" "><subfield code="a">Ms. codex.</subfield></datafield><datafield tag="505" ind1="0" ind2=" "><subfield code="a">21. p.193-194 : [mainly blank].</subfield></datafield><datafield tag="505" ind1="0" ind2=" "><subfield code="a">20. p.191-p.192 : [assorted excerpts].</subfield></datafield><datafield tag="505" ind1="0" ind2=" "><subfield code="a">19. p.133-p.190 : [blank].</subfield></datafield><datafield tag="505" ind1="0" ind2=" "><subfield code="a">18. p.131-132 : Süalname.</subfield></datafield><datafield tag="505" ind1="0" ind2=" "><subfield code="a">17. p.129-p.130 : [blank].</subfield></datafield><datafield tag="505" ind1="0" ind2=" "><subfield code="a">16. p.127-128 : [mesele followed by a letter of Naṣr al-Dīn to his son].</subfield></datafield><datafield tag="505" ind1="0" ind2=" "><subfield code="a">15. p.124-p.126 : [poetic excerpt opening with"هر ايشه قيل بسمله ايله ابتدا ذكرك اولسون دائما حمد خدا ..."].</subfield></datafield><datafield tag="505" ind1="0" ind2=" "><subfield code="a">14. p.118-p.123 : [blank].</subfield></datafield><datafield tag="505" ind1="0" ind2=" "><subfield code="a">13. p.109-p.117 : [assorted prayers and excerpts, several pages left partially blank].</subfield></datafield><datafield tag="505" ind1="0" ind2=" "><subfield code="a">12. p.108 : [chart with dates of Ottoman sultans through ascension of Süleyman II].</subfield></datafield><datafield tag="505" ind1="0" ind2=" "><subfield code="a">11. p.107 : [blank].</subfield></datafield><datafield tag="505" ind1="0" ind2=" "><subfield code="a">10. p.74-p.106 : Hikayet-i bazargân ba zen-i mekarih.</subfield></datafield><datafield tag="505" ind1="0" ind2=" "><subfield code="a">9. p.68-p.73 : [blank].</subfield></datafield><datafield tag="505" ind1="0" ind2=" "><subfield code="a">8. p.66-p.67 : [poetic excerpts].</subfield></datafield><datafield tag="505" ind1="0" ind2=" "><subfield code="a">7. p.56-p.65 : Nefsü'l-emirname / Nevizade [?] Atâyî Efendi.</subfield></datafield><datafield tag="505" ind1="0" ind2=" "><subfield code="a">6. p.50-p.55 : [blank].</subfield></datafield><datafield tag="505" ind1="0" ind2=" "><subfield code="a">5. p.45-p.49 : [text opening, "الحمد لله رب العالمين وصلوة على محمد واله اجمعين راويان اخيار وثاقلان اثار شويله ..."].</subfield></datafield><datafield tag="505" ind1="0" ind2=" "><subfield code="a">4. p.36-p.45 : Hazihi Tercümet Mukaddimetü's-salat lil-mevla el-Fenari</subfield></datafield><datafield tag="505" ind1="0" ind2=" "><subfield code="a">3. p.28-p.35 : Hikayet-i şeyhü'l-arifin Bayezit Bistami.</subfield></datafield><datafield tag="505" ind1="0" ind2=" "><subfield code="a">2. p.26-p.27 : [mainly blank, with excerpt].</subfield></datafield><datafield tag="505" ind1="0" ind2=" "><subfield code="a">1. p.8-p.25 : [text opening with "روايت اولنور كه ويلايت رومده بر قاضى وار ايدى علم ايله اراست و زهد ايله براسته ايدى ..."].</subfield></datafield><datafield tag="520" ind1="8" ind2=" "><subfield code="a">Careful copy of a collection (mecmua / majmūʻah) of miscellaneous excerpts in prose and verse.</subfield></datafield><datafield tag="538" ind1=" " ind2=" "><subfield code="a">Mode of access: Internet.</subfield></datafield><datafield tag="541" ind1=" " ind2=" "><subfield code="a">Reached the Library via purchase for the Stephen Spaulding memorial collection, 1939 (SS1480), as the gift of Colonel Thomas M. Spaulding.</subfield></datafield><datafield tag="546" ind1=" " ind2=" "><subfield code="a">Ottoman Turkish.</subfield></datafield><datafield tag="561" ind1=" " ind2=" "><subfield code="a">"SS" gold-stamped in upper cover ; calligraphic inscriptions on upper pastedown ; poetic excerpts on recto of front flyleaf (p.5) ; on verso of front flyleaf (p.6) bookplate reads, "In Memory of | STEPHEN SPAULDING | 1907-1925 | CLASS of 1927 | UNIVERSITY OF MICHIGAN | W H W Bicknell 1927" ; UM Library inscription on 'title page' (p.7) "MS &amp; Papyri | Stephen Spaulding Mem Coll | Quaritch | 8-15-39 | SS1480" ; former owners' marks on lower pastedown include statement dated 1098 [1686 or 7] and octagonal seal impression, as well as book price "$40--" ; occasional glosses.</subfield></datafield><datafield tag="600" ind1="1" ind2="0"><subfield code="a">Abū Yazīd Bisṭāmī, Ṭayfūr ibn ʻĪsá,</subfield><subfield code="d">-874?</subfield><subfield code="v">Quotations.</subfield></datafield><datafield tag="650" ind1=" " ind2="0"><subfield code="a">Manuscripts, Turkish</subfield><subfield code="z">Michigan</subfield><subfield code="z">Ann Arbor.</subfield></datafield><datafield tag="650" ind1=" " ind2="0"><subfield code="a">Turkish prose literature.</subfield></datafield><datafield tag="650" ind1=" " ind2="0"><subfield code="a">Turkish poetry.</subfield></datafield><datafield tag="700" ind1="0" ind2=" "><subfield code="6">880-11</subfield><subfield code="a">Ömer bin Osman,</subfield><subfield code="d">fl. 1682,</subfield><subfield code="e">scribe.</subfield></datafield><datafield tag="700" ind1="1" ind2="2"><subfield code="6">880-08</subfield><subfield code="a">ʻAṭā'ī, ʻAṭā Allāh ibn Yaḥyā,</subfield><subfield code="d">active 17th century.</subfield><subfield code="t">Nefsü'l-emirname.</subfield></datafield><datafield tag="700" ind1="1" ind2="2"><subfield code="6">880-06</subfield><subfield code="a">Fanārī, Muḥammad ibn Ḥamzah,</subfield><subfield code="d">1350 or 1351-1430 or 1431.</subfield><subfield code="t">Muqaddimat al-ṣalāh.</subfield><subfield code="l">Turkish.</subfield></datafield><datafield tag="740" ind1="0" ind2="2"><subfield code="6">880-09</subfield><subfield code="a">Hikayet-i bazargân ba zen-i mekarih</subfield></datafield><datafield tag="740" ind1="0" ind2="2"><subfield code="6">880-09</subfield><subfield code="a">حكايت بازرگان با زن مكاره</subfield></datafield><datafield tag="740" ind1="0" ind2="2"><subfield code="6">880-07</subfield><subfield code="a">Hādhihi Tarjamat Muqaddimat al-ṣalāh lil-mawlá al-Fanārī</subfield></datafield><datafield tag="740" ind1="0" ind2="2"><subfield code="6">880-07</subfield><subfield code="a">Hazihi Tercümet Mukaddimetü's-salat lil-mevla el-Fenari</subfield></datafield><datafield tag="740" ind1="0" ind2="2"><subfield code="6">880-05</subfield><subfield code="a">Hikayet-i şeyhü'l-arifin Bayezit Bistami</subfield></datafield><datafield tag="880" ind1="0" ind2=" "><subfield code="6">700-11/</subfield><subfield code="a">عمر بن عثمان,</subfield><subfield code="e">ناسخ.</subfield></datafield><datafield tag="880" ind1="0" ind2="2"><subfield code="6">740-09/</subfield><subfield code="a">Ḥikāyat-i bāzargān bā zan-i makārih.</subfield></datafield><datafield tag="880" ind1="1" ind2="2"><subfield code="6">700-08/</subfield><subfield code="a">عطائى، عطا الله بن يحيى.</subfield><subfield code="t">ديوان.</subfield><subfield code="k">نفس الامرنامه.</subfield></datafield><datafield tag="880" ind1="0" ind2="2"><subfield code="6">740-07/</subfield><subfield code="a">هذه ترجمة مقدمة الصلاة للمولى الفنارى</subfield></datafield><datafield tag="880" ind1="1" ind2="2"><subfield code="6">700-06/</subfield><subfield code="a">فنارى، محمد بن حمزه.</subfield><subfield code="t">مقدمة الصلاة.</subfield><subfield code="l">Turkish.</subfield></datafield><datafield tag="880" ind1="0" ind2="2"><subfield code="6">740-05/</subfield><subfield code="a">حكايت شيخ العارفين بايزيد بسطامى</subfield></datafield><datafield tag="880" ind1="0" ind2="0"><subfield code="6">245-03/</subfield><subfield code="a">[مجموعه،</subfield><subfield code="f">1093ه، 1682م].</subfield></datafield><datafield tag="CID" ind1=" " ind2=" "><subfield code="a">006814118</subfield></datafield><datafield tag="DAT" ind1="0" ind2=" "><subfield code="a">20210227040145.0</subfield><subfield code="b">20210227000000.0</subfield></datafield><datafield tag="DAT" ind1="1" ind2=" "><subfield code="a">20210227090505.0</subfield><subfield code="b">2021-02-27T17:17:11Z</subfield></datafield><datafield tag="DAT" ind1="2" ind2=" "><subfield code="a">2015-10-10T18:00:06Z</subfield></datafield><datafield tag="CAT" ind1=" " ind2=" "><subfield code="a">SDR-MIU</subfield><subfield code="d">EX LIBRIS - ALEPH</subfield><subfield code="l">prepare.pl-004-008</subfield></datafield><datafield tag="FMT" ind1=" " ind2=" "><subfield code="a">BK</subfield></datafield><datafield tag="HOL" ind1=" " ind2=" "><subfield code="0">sdr-miu006814118</subfield><subfield code="a">MiU</subfield><subfield code="b">SDR</subfield><subfield code="c">MIU</subfield><subfield code="p">mdp.39015079128750</subfield><subfield code="s">MIU</subfield><subfield code="1">006814118</subfield></datafield><datafield tag="974" ind1=" " ind2=" "><subfield code="b">MIU</subfield><subfield code="c">MIU</subfield><subfield code="d">20210227</subfield><subfield code="s">lit-dlps-dc</subfield><subfield code="u">mdp.39015079128750</subfield><subfield code="y">1682</subfield><subfield code="r">pd</subfield><subfield code="q">bib</subfield><subfield code="t">non-US bib date1 &lt; 1896</subfield></datafield></record></collection>